@article{ref:liu2019mockingjay,
  title   = {Mockingjay: Unsupervised Speech Representation Learning with Deep Bidirectional Transformer Encoders},
  author  = {Liu, Andy T. and Yang, Shu-wen and Chi, Po-Han and Hsu, Pei-Hung and Lee, Hung-yi},
  journal = {arXiv preprint arXiv:1903.07486},
  year    = {2019},
  url     = {https://arxiv.org/abs/1903.07486}
}
